<record><leader>00000cas a2200000 a 4500</leader><controlfield tag="001">14695020</controlfield><controlfield tag="008">861110d198619uucauer ne      0   a0eng c</controlfield><datafield ind1=" " ind2=" " tag="010"><subfield code="a">sn 98061872 </subfield></datafield><datafield ind1=" " ind2=" " tag="040"><subfield code="a">CHU</subfield><subfield code="b">eng</subfield><subfield code="c">CHU</subfield><subfield code="d">CNK</subfield><subfield code="d">OCLCQ</subfield><subfield code="d">OCLCF</subfield><subfield code="d">OCLCO</subfield></datafield><datafield ind1="1" ind2=" " tag="029"><subfield code="a">AU@</subfield><subfield code="b">000014094683</subfield></datafield><datafield ind1=" " ind2=" " tag="042"><subfield code="a">pcc</subfield></datafield><datafield ind1=" " ind2=" " tag="043"><subfield code="a">n-us-ca</subfield></datafield><datafield ind1=" " ind2=" " tag="090"><subfield code="a">F869.M35</subfield><subfield code="b">M354</subfield></datafield><datafield ind1="0" ind2="0" tag="245"><subfield code="a">Express dispatch.</subfield></datafield><datafield ind1=" " ind2=" " tag="260"><subfield code="a">McKinleyville, Calif. :</subfield><subfield code="b">Linda Johnson</subfield></datafield><datafield ind1=" " ind2=" " tag="300"><subfield code="a">2 v. :</subfield><subfield code="b">ill. ;</subfield><subfield code="c">36 cm.</subfield></datafield><datafield ind1=" " ind2=" " tag="310"><subfield code="a">Biweekly</subfield></datafield><datafield ind1="0" ind2=" " tag="362"><subfield code="a">Vol. 1, no. 22 (Sept. 3, 1986)-</subfield></datafield><datafield ind1=" " ind2="0" tag="651"><subfield code="a">McKinleyville (Calif.)</subfield><subfield code="v">Newspapers.</subfield></datafield><datafield ind1=" " ind2="0" tag="651"><subfield code="a">Humboldt County (Calif.)</subfield><subfield code="v">Newspapers.</subfield></datafield><datafield ind1=" " ind2="7" tag="655"><subfield code="a">Newspapers.</subfield><subfield code="2">fast</subfield><subfield code="0">(OCoLC)fst01423814</subfield></datafield><datafield ind1=" " ind2="7" tag="651"><subfield code="a">California</subfield><subfield code="z">Humboldt County.</subfield><subfield code="2">fast</subfield><subfield code="0">(OCoLC)fst01214282</subfield></datafield><datafield ind1=" " ind2="7" tag="651"><subfield code="a">California</subfield><subfield code="z">McKinleyville.</subfield><subfield code="2">fast</subfield><subfield code="0">(OCoLC)fst01248521</subfield></datafield><datafield ind1="0" ind2="4" tag="780"><subfield code="t">McKinleyville express</subfield><subfield code="w">(DLC)sn 98061871</subfield></datafield><datafield ind1="0" ind2="4" tag="780"><subfield code="t">Trinidad dispatch</subfield><subfield code="w">(DLC)sn 98061873</subfield></datafield></record>